<record><leader>00000cas a2200000 a 4500</leader><controlfield tag="001">41974472</controlfield><controlfield tag="008">990728d195219uucauwr ne      0    0eng c</controlfield><datafield ind1=" " ind2=" " tag="010"><subfield code="a">sn 99060838 </subfield></datafield><datafield ind1=" " ind2=" " tag="040"><subfield code="a">CNK</subfield><subfield code="b">eng</subfield><subfield code="c">CNK</subfield><subfield code="d">OCLCQ</subfield><subfield code="d">OCLCF</subfield><subfield code="d">OCLCO</subfield></datafield><datafield ind1=" " ind2=" " tag="042"><subfield code="a">pcc</subfield></datafield><datafield ind1=" " ind2=" " tag="043"><subfield code="a">n-us-ca</subfield></datafield><datafield ind1="0" ind2="0" tag="245"><subfield code="a">Avalon Carson press.</subfield></datafield><datafield ind1="1" ind2="3" tag="246"><subfield code="a">Torrance press</subfield></datafield><datafield ind1="1" ind2="7" tag="246"><subfield code="a">Press</subfield></datafield><datafield ind1=" " ind2=" " tag="260"><subfield code="a">Torrance, Calif. :</subfield><subfield code="b">W.R. Zappas</subfield></datafield><datafield ind1=" " ind2=" " tag="300"><subfield code="a">v.</subfield></datafield><datafield ind1=" " ind2=" " tag="310"><subfield code="a">Weekly</subfield></datafield><datafield ind1="0" ind2=" " tag="362"><subfield code="a">Apr. 10, 1952-</subfield></datafield><datafield ind1=" " ind2=" " tag="500"><subfield code="a">"Serving Avalon Village, Carson, Lomita Square."</subfield></datafield><datafield ind1=" " ind2=" " tag="515"><subfield code="a">Issues lacks v. and numbering designation.</subfield></datafield><datafield ind1=" " ind2="0" tag="651"><subfield code="a">Torrance (Calif.)</subfield><subfield code="v">Newspapers.</subfield></datafield><datafield ind1=" " ind2="0" tag="651"><subfield code="a">Carson (Calif.)</subfield><subfield code="v">Newspapers.</subfield></datafield><datafield ind1=" " ind2="7" tag="655"><subfield code="a">Newspapers.</subfield><subfield code="2">fast</subfield><subfield code="0">(OCoLC)fst01423814</subfield></datafield><datafield ind1=" " ind2="7" tag="651"><subfield code="a">California</subfield><subfield code="z">Carson.</subfield><subfield code="2">fast</subfield><subfield code="0">(OCoLC)fst01218601</subfield></datafield><datafield ind1=" " ind2="7" tag="651"><subfield code="a">California</subfield><subfield code="z">Torrance.</subfield><subfield code="2">fast</subfield><subfield code="0">(OCoLC)fst01218725</subfield></datafield><datafield ind1=" " ind2=" " tag="752"><subfield code="a">United States</subfield><subfield code="b">California</subfield><subfield code="c">Los Angeles</subfield><subfield code="d">Torrance.</subfield></datafield><datafield ind1="0" ind2=" " tag="775"><subfield code="a">Torrance press</subfield><subfield code="w">(DLC)sn 96062830</subfield></datafield></record>